@InCollection{videoajuda,
  author = {Leandro Fran√ßa},
  title = {Explorando o pgAdmin e criando o primeiro Banco de Dados PostGIS},
  howpublished = {\url{https://www.youtube.com/watch?v=92lTlfaoyCY}},
  note = {Acessado em 13/12/2023}
}

@InCollection{aulasSQL,  
  author = {unknown},
  title = {SQL INSERT INTO Statement},
howpublished = {\url{https://www.w3schools.com/sql/sql_insert.asp}},
 
note = {Acessado em 13/12/2023}
}


@InCollection{PostgreSQL,  
  author = {unknown},
  title = {INSERT},
howpublished = {\url{https://www.postgresql.org/docs/current/sql-insert.html}},
 
note = {Acessado em 13/12/2023}
}
